@preamble{ " \newcommand{\noop}[1]{} " }

@misc{wikipedia_it,
    title={Impatto con volatili},
    note={\url{https://it.wikipedia.org/wiki/Impatto_con_volatili}},
}

@misc{wikipedia_en,
	title={Birdstrike},
	note={\url{http://en.wikipedia.org/wiki/Bird_strike}},
}

@misc{ENAC-Wildlifestrike,
	title={Wildlife strike},
	note={\url{https://www.enac.gov.it/sicurezza-aerea/flight-safety/wildlife-strike}},
}

@article{soldatini2011wildlife,
  title={Wildlife strike risk assessment in several Italian airports: lessons from BRI and a new methodology implementation},
  author={Soldatini, Cecilia and Albores-Barajas, Yuri Vladimir and Lovato, Tomas and Andreon, Adriano and Torricelli, Patrizia and Montemaggiori, Alessandro and Corsa, Cosimo and Georgalas, Vyron},
  journal={PloS one},
  volume={6},
  number={12},
  pages={e28920},
  year={2011},
  publisher={Public Library of Science}
}

@book{cramp1992handbook,
  title={Handbook of the birds of Europe, the Middle East and North Africa. The birds of the western Palearctic, vol. VI. Warblers},
  author={Cramp, St and Brooks, DJ},
  year={1992},
  publisher={oxford university Press, oxford}
}

@book{deeplearningbook,
	title={Deep Learning},
	author={Ian Goodfellow and Yoshua Bengio and Aaron Courville},
	publisher={MIT Press},
	note={\url{http://www.deeplearningbook.org}},
	year={2016}
}

@article{cybenko1989approximation,
  title={Approximation by superpositions of a sigmoidal function},
  author={Cybenko, George},
  journal={Mathematics of control, signals and systems},
  volume={2},
  number={4},
  pages={303--314},
  year={1989},
  publisher={Springer}
}

@article{elman1990finding,
  title={Finding structure in time},
  author={Elman, Jeffrey L},
  journal={Cognitive science},
  volume={14},
  number={2},
  pages={179--211},
  year={1990},
  publisher={Wiley Online Library}
}

@article{pollack1990recursive,
  title={Recursive distributed representations},
  author={Pollack, Jordan B},
  journal={Artificial Intelligence},
  volume={46},
  number={1-2},
  pages={77--105},
  year={1990},
  publisher={Elsevier}
}

@article{lang1990time,
  title={A time-delay neural network architecture for isolated word recognition},
  author={Lang, Kevin J and Waibel, Alex H and Hinton, Geoffrey E},
  journal={Neural networks},
  volume={3},
  number={1},
  pages={23--43},
  year={1990},
  publisher={Elsevier}
}

@article{jaeger2001echo,
  title={The “echo state” approach to analysing and training recurrent neural networks-with an erratum note},
  author={Jaeger, Herbert},
  journal={Bonn, Germany: German National Research Center for Information Technology GMD Technical Report},
  volume={148},
  number={34},
  pages={13},
  year={2001}
}

@article{hammer2000approximation,
  title={On the approximation capability of recurrent neural networks},
  author={Hammer, Barbara},
  journal={Neurocomputing},
  volume={31},
  number={1-4},
  pages={107--123},
  year={2000},
  publisher={Elsevier}
}

@incollection{graves2012supervised,
  title={Supervised sequence labelling},
  author={Graves, Alex},
  booktitle={Supervised sequence labelling with recurrent neural networks},
  pages={5--13},
  year={2012},
  publisher={Springer}
}

@article{hochreiter1997long,
  title={Long short-term memory},
  author={Hochreiter, Sepp and Schmidhuber, J{\"u}rgen},
  journal={Neural computation},
  volume={9},
  number={8},
  pages={1735--1780},
  year={1997},
  publisher={MIT Press}
}

@article{hochreiter2007fast,
  title={Fast model-based protein homology detection without alignment},
  author={Hochreiter, Sepp and Heusel, Martin and Obermayer, Klaus},
  journal={Bioinformatics},
  volume={23},
  number={14},
  pages={1728--1736},
  year={2007},
  publisher={Oxford University Press}
}

@inproceedings{chen2005protein,
  title={Protein secondary structure prediction with bidirectional lstm networks},
  author={Chen, Jinmiao and Chaudhari, Narendra S},
  booktitle={International Joint Conference on Neural Networks: Post-Conference Workshop on Computational Intelligence Approaches for the Analysis of Bio-data (CI-BIO)(August 2005)},
  year={2005}
}

@inproceedings{eck2002finding,
  title={Finding temporal structure in music: Blues improvisation with LSTM recurrent networks},
  author={Eck, Douglas and Schmidhuber, Juergen},
  booktitle={Proceedings of the 12th IEEE workshop on neural networks for signal processing},
  pages={747--756},
  year={2002},
  organization={IEEE}
}

@inproceedings{bakker2002reinforcement,
  title={Reinforcement learning with long short-term memory},
  author={Bakker, Bram},
  booktitle={Advances in neural information processing systems},
  pages={1475--1482},
  year={2002}
}

@article{graves2005framewise,
  title={Framewise phoneme classification with bidirectional LSTM and other neural network architectures},
  author={Graves, Alex and Schmidhuber, J{\"u}rgen},
  journal={Neural networks},
  volume={18},
  number={5-6},
  pages={602--610},
  year={2005},
  publisher={Elsevier}
}

@inproceedings{graves2006connectionist,
  title={Connectionist temporal classification: labelling unsegmented sequence data with recurrent neural networks},
  author={Graves, Alex and Fern{\'a}ndez, Santiago and Gomez, Faustino and Schmidhuber, J{\"u}rgen},
  booktitle={Proceedings of the 23rd international conference on Machine learning},
  pages={369--376},
  year={2006}
}

@inproceedings{graves2009offline,
  title={Offline handwriting recognition with multidimensional recurrent neural networks},
  author={Graves, Alex and Schmidhuber, J{\"u}rgen},
  booktitle={Advances in neural information processing systems},
  pages={545--552},
  year={2009}
}

@inproceedings{graves2008unconstrained,
  title={Unconstrained on-line handwriting recognition with recurrent neural networks},
  author={Graves, Alex and Liwicki, Marcus and Bunke, Horst and Schmidhuber, J{\"u}rgen and Fern{\'a}ndez, Santiago},
  booktitle={Advances in neural information processing systems},
  pages={577--584},
  year={2008}
}

@inproceedings{bromley1994signature,
  title={Signature verification using a" siamese" time delay neural network},
  author={Bromley, Jane and Guyon, Isabelle and LeCun, Yann and S{\"a}ckinger, Eduard and Shah, Roopak},
  booktitle={Advances in neural information processing systems},
  pages={737--744},
  year={1994}
}

@inproceedings{hadsell2006dimensionality,
  title={Dimensionality reduction by learning an invariant mapping},
  author={Hadsell, Raia and Chopra, Sumit and LeCun, Yann},
  booktitle={2006 IEEE Computer Society Conference on Computer Vision and Pattern Recognition (CVPR'06)},
  volume={2},
  pages={1735--1742},
  year={2006},
  organization={IEEE}
}

@misc{ENACcircolareAPT_01B,
    title={Procedure per la prevenzione dei rischi di impatto con volatili ed altra fauna selvatica (wildlife strike) negli aeroporti },
    note={\url{http://www.birdstrike.it/birdstrike/file/images/file/APT_01B-accessibile.pdf}},
}

@InProceedings{triplet_loss,
	author = {Schroff, Florian and Kalenichenko, Dmitry and Philbin, James},
	title = {FaceNet: A Unified Embedding for Face Recognition and Clustering},
	booktitle = {The IEEE Conference on Computer Vision and Pattern Recognition (CVPR)},
	month = {6},
	year = {2015}
}

@misc{rankingloss,
    title={Margin Ranking Loss},
    note={\url{https://pytorch.org/docs/stable/nn.html}},
}

@book{huler2007defining,
  title={Defining the wind: the Beaufort scale and how a 19th-century admiral turned science into poetry},
  author={Huler, Scott},
  year={2007},
  publisher={Crown}
}

@inproceedings{ng2004feature,
  title={Feature selection, L 1 vs. L 2 regularization, and rotational invariance},
  author={Ng, Andrew Y},
  booktitle={Proceedings of the twenty-first international conference on Machine learning},
  pages={78},
  year={2004}
}

@inproceedings{relu,
	author = {Nair, Vinod and Hinton, Geoffrey E.},
	title = {Rectified Linear Units Improve Restricted Boltzmann Machines},
	booktitle = {Proceedings of the 27th International Conference on International Conference on Machine Learning},
	series = {ICML'10},
	year = {2010},
	isbn = {978-1-60558-907-7},
	location = {Haifa, Israel},
	pages = {807--814},
	numpages = {8},
	url = {http://dl.acm.org/citation.cfm?id=3104322.3104425},
	acmid = {3104425},
	publisher = {Omnipress},
	address = {USA},
} 

@inproceedings{sigmoid,
	title={The influence of the sigmoid function parameters on the speed of backpropagation learning},
	author={Han, Jun and Moraga, Claudio},
	booktitle={International Workshop on Artificial Neural Networks},
	pages={195--201},
	year={1995},
	organization={Springer}
}

@article{srivastava2014dropout,
  title={Dropout: a simple way to prevent neural networks from overfitting},
  author={Srivastava, Nitish and Hinton, Geoffrey and Krizhevsky, Alex and Sutskever, Ilya and Salakhutdinov, Ruslan},
  journal={The journal of machine learning research},
  volume={15},
  number={1},
  pages={1929--1958},
  year={2014},
  publisher={JMLR. org}
}

@article{adam,
	title={Adam: A method for stochastic optimization},
	author={Kingma, Diederik P and Ba, Jimmy},
	journal={arXiv preprint arXiv:1412.6980},
	year={2014}
}

@article{1997multitask,
  title={Multitask learning},
  author={Caruana, Rich},
  journal={Machine learning},
  volume={28},
  number={1},
  pages={41--75},
  year={1997},
  publisher={Springer}
}

@incollection{2012practical,
  title={Practical recommendations for gradient-based training of deep architectures},
  author={Bengio, Yoshua},
  booktitle={Neural networks: Tricks of the trade},
  pages={437--478},
  year={2012},
  publisher={Springer}
}

@article{allan2006heuristic,
  title={A heuristic risk assessment technique for birdstrike management at airports},
  author={Allan, John},
  journal={Risk analysis},
  volume={26},
  number={3},
  pages={723--729},
  year={2006},
  publisher={Wiley Online Library}
}